<?xml version="1.0" encoding="UTF-8"?><collection xmlns="http://www.loc.gov/MARC21/slim"><record><leader>00444nam--2200169-i-4500</leader><controlfield tag="001">000016715</controlfield><controlfield tag="002">20161230</controlfield><controlfield tag="005">20170209225003</controlfield><controlfield tag="008">060222s1000------------r-----000-0-eng-d</controlfield><datafield ind1=" " ind2=" " tag="100"><subfield code="a">Burger, G</subfield></datafield><datafield ind1=" " ind2=" " tag="245"><subfield code="a">Guidelines on calibration of neutron measuring devices</subfield></datafield><datafield ind1=" " ind2=" " tag="260"><subfield code="a">Vienna</subfield><subfield code="b">Ieae</subfield><subfield code="c">1988</subfield></datafield><datafield ind1=" " ind2=" " tag="300"><subfield code="a">76 p</subfield></datafield><datafield ind1=" " ind2=" " tag="490"><subfield code="a">Technical Reports Series</subfield></datafield><datafield ind1=" " ind2=" " tag="700"><subfield code="a">Schwartz, Robert B</subfield></datafield><datafield ind1=" " ind2=" " tag="852"><subfield code="a">621.039.512</subfield></datafield><datafield ind1=" " ind2=" " tag="CAT"><subfield code="a">SYS</subfield><subfield code="c">20170209</subfield><subfield code="h">225003</subfield></datafield></record></collection>